
@article{BroGel98,
  title = {General {{Methods}} for {{Monitoring Convergence}} of {{Iterative Simulations}}},
  author = {Brooks, Stephen P. and Gelman, Andrew},
  date = {1998-12},
  journaltitle = {Journal of Computational and Graphical Statistics},
  shortjournal = {Journal of Computational and Graphical Statistics},
  volume = {7},
  number = {4},
  pages = {434--455},
  issn = {1061-8600, 1537-2715},
  doi = {10.1080/10618600.1998.10474787},
  url = {http://www.tandfonline.com/doi/abs/10.1080/10618600.1998.10474787}
}

@article{CaiPerMcE18,
  title = {Uncertainty Quantification for Radio Interferometric Imaging \textendash{} {{I}}. {{Proximal MCMC}} Methods},
  author = {Cai, Xiaohao and Pereyra, Marcelo and McEwen, Jason D},
  date = {2018-11-01},
  journaltitle = {Monthly Notices of the Royal Astronomical Society},
  shortjournal = {MNRAS},
  volume = {480},
  number = {3},
  pages = {4154--4169},
  issn = {0035-8711, 1365-2966},
  doi = {10.1093/mnras/sty2004},
  url = {https://academic.oup.com/mnras/article/480/3/4154/5060762}
}

@article{DurMouPer18,
  title = {Efficient {{Bayesian Computation}} by {{Proximal Markov Chain Monte Carlo}}: {{When Langevin Meets Moreau}}},
  author = {Durmus, Alain and Moulines, \'Eric and Pereyra, Marcelo},
  date = {2018-01},
  journaltitle = {SIAM Journal on Imaging Sciences},
  shortjournal = {SIAM J. Imaging Sci.},
  volume = {11},
  number = {1},
  pages = {473--506},
  issn = {1936-4954},
  doi = {10.1137/16M1108340},
  url = {https://epubs.siam.org/doi/10.1137/16M1108340}
}

@book{GelCarSteDunVeh13,
  title = {Gelman, A: Bayesian Data Analysis},
  author = {Gelman, Andrew and Carlin, John B. and Stern, Hal S. and Dunson, David B. and Vehtari, Aki},
  date = {2013-11-01},
  edition = {3},
  publisher = {{Taylor \& Francis Ltd}},
  location = {{Boca Raton}},
  isbn = {978-1-4398-4095-5},
  pagetotal = {661}
}

@article{Per16,
  title = {Proximal {{Markov}} Chain {{Monte Carlo}} Algorithms},
  author = {Pereyra, Marcelo},
  date = {2016-07-01},
  journaltitle = {Statistics and Computing},
  shortjournal = {Stat Comput},
  volume = {26},
  number = {4},
  pages = {745--760},
  issn = {1573-1375},
  doi = {10.1007/s11222-015-9567-4},
  url = {https://doi.org/10.1007/s11222-015-9567-4},
  keywords = {Bayesian inference,Convex analysis,High-dimensional statistics,Markov chain Monte Carlo,Proximal algorithms,Signal processing}
}

@article{PerMieZyg20a,
  title = {Accelerating {{Proximal Markov Chain Monte Carlo}} by {{Using}} an {{Explicit Stabilized Method}}},
  author = {Pereyra, Marcelo and Mieles, Luis Vargas and Zygalakis, Konstantinos C.},
  date = {2020-01},
  journaltitle = {SIAM Journal on Imaging Sciences},
  shortjournal = {SIAM J. Imaging Sci.},
  volume = {13},
  number = {2},
  pages = {905--935},
  issn = {1936-4954},
  doi = {10.1137/19M1283719},
  url = {https://epubs.siam.org/doi/10.1137/19M1283719}
}

@article{VatFleJon19,
  title = {Multivariate Output Analysis for {{Markov}} Chain {{Monte Carlo}}},
  author = {Vats, Dootika and Flegal, James M and Jones, Galin L},
  date = {2019-06-01},
  journaltitle = {Biometrika},
  volume = {106},
  number = {2},
  pages = {321--337},
  issn = {0006-3444, 1464-3510},
  doi = {10.1093/biomet/asz002},
  url = {https://academic.oup.com/biomet/article/106/2/321/5426969}
}

@article{VatKnu21,
  title = {Revisiting the {{Gelman}}\textendash{{Rubin Diagnostic}}},
  author = {Vats, Dootika and Knudson, Christina},
  date = {2021-11},
  journaltitle = {Statistical Science},
  volume = {36},
  number = {4},
  pages = {518--529},
  publisher = {{Institute of Mathematical Statistics}},
  issn = {0883-4237, 2168-8745},
  doi = {10.1214/20-STS812},
  url = {http://projecteuclid.org/journals/statistical-science/volume-36/issue-4/Revisiting-the-GelmanRubin-Diagnostic/10.1214/20-STS812.full},
  keywords = {batch means,Convergence diagnostic,effective sample size,Gelmanâ€“Rubin,Markov chain Monte Carlo}
}

@article{VehGelSimCarBur21,
  title = {Rank-{{Normalization}}, {{Folding}}, and {{Localization}}: {{An Improved R\textasciicircum}} for {{Assessing Convergence}} of {{MCMC}} (with {{Discussion}})},
  author = {Vehtari, Aki and Gelman, Andrew and Simpson, Daniel and Carpenter, Bob and B\"urkner, Paul-Christian},
  date = {2021-06-01},
  journaltitle = {Bayesian Analysis},
  shortjournal = {Bayesian Anal.},
  volume = {16},
  number = {2},
  issn = {1936-0975},
  doi = {10.1214/20-BA1221},
  url = {https://projecteuclid.org/journals/bayesian-analysis/volume-16/issue-2/Rank-Normalization-Folding-and-Localization--An-Improved-R%cb%86-for/10.1214/20-BA1221.full}
}


