
@article{CaiPerMcE18,
  title = {Uncertainty Quantification for Radio Interferometric Imaging \textendash{} {{I}}. {{Proximal MCMC}} Methods},
  author = {Cai, Xiaohao and Pereyra, Marcelo and McEwen, Jason D},
  date = {2018-11-01},
  journaltitle = {Monthly Notices of the Royal Astronomical Society},
  shortjournal = {MNRAS},
  volume = {480},
  number = {3},
  pages = {4154--4169},
  issn = {0035-8711, 1365-2966},
  doi = {10.1093/mnras/sty2004},
  url = {https://academic.oup.com/mnras/article/480/3/4154/5060762}
}

@article{DurMouPer18,
  title = {Efficient {{Bayesian Computation}} by {{Proximal Markov Chain Monte Carlo}}: {{When Langevin Meets Moreau}}},
  author = {Durmus, Alain and Moulines, \'Eric and Pereyra, Marcelo},
  date = {2018-01},
  journaltitle = {SIAM Journal on Imaging Sciences},
  shortjournal = {SIAM J. Imaging Sci.},
  volume = {11},
  number = {1},
  pages = {473--506},
  issn = {1936-4954},
  doi = {10.1137/16M1108340},
  url = {https://epubs.siam.org/doi/10.1137/16M1108340}
}

@article{Per16,
  title = {Proximal {{Markov}} Chain {{Monte Carlo}} Algorithms},
  author = {Pereyra, Marcelo},
  date = {2016-07-01},
  journaltitle = {Statistics and Computing},
  shortjournal = {Stat Comput},
  volume = {26},
  number = {4},
  pages = {745--760},
  issn = {1573-1375},
  doi = {10.1007/s11222-015-9567-4},
  url = {https://doi.org/10.1007/s11222-015-9567-4},
  keywords = {Bayesian inference,Convex analysis,High-dimensional statistics,Markov chain Monte Carlo,Proximal algorithms,Signal processing}
}


